<record><leader>00000cas a22000007a 4500</leader><controlfield tag="001">15874570</controlfield><controlfield tag="008">870610d18861898wiuwr ne      0    0ger d</controlfield><datafield ind1=" " ind2=" " tag="010"><subfield code="a">sn 87082649 </subfield></datafield><datafield ind1=" " ind2=" " tag="040"><subfield code="a">NPV</subfield><subfield code="b">eng</subfield><subfield code="c">NPV</subfield><subfield code="d">OCLCQ</subfield></datafield><datafield ind1=" " ind2=" " tag="042"><subfield code="a">msc</subfield></datafield><datafield ind1="0" ind2="0" tag="245"><subfield code="a">Telephon.</subfield></datafield><datafield ind1=" " ind2=" " tag="260"><subfield code="a">Milwaukee, Wis. :</subfield><subfield code="b">P.V. Deuster &amp; Co.,</subfield><subfield code="c">1886-</subfield></datafield><datafield ind1=" " ind2=" " tag="300"><subfield code="a">v.</subfield></datafield><datafield ind1=" " ind2=" " tag="310"><subfield code="a">Weekly</subfield></datafield><datafield ind1="0" ind2=" " tag="362"><subfield code="a">1. Bd., no. 1 (21. Feb. 1886)-</subfield></datafield><datafield ind1="1" ind2=" " tag="362"><subfield code="a">Ceased in May 1898?</subfield></datafield><datafield ind1=" " ind2=" " tag="500"><subfield code="a">"Sonntagsausgabe des Seebote."</subfield></datafield><datafield ind1=" " ind2=" " tag="580"><subfield code="a">Daily ed.: Seebote (Milwaukee, Wis. : 1876 : Daily).</subfield></datafield><datafield ind1=" " ind2=" " tag="752"><subfield code="a">United States</subfield><subfield code="b">Wisconsin</subfield><subfield code="c">Milwaukee</subfield><subfield code="d">Milwaukee.</subfield></datafield><datafield ind1=" " ind2=" " tag="752"><subfield code="a">United States</subfield><subfield code="b">Wisconsin</subfield><subfield code="c">Washington</subfield><subfield code="d">Milwaukee.</subfield></datafield><datafield ind1="1" ind2=" " tag="775"><subfield code="t">Seebote (Milwaukee, Wis. : 1876 : Daily)</subfield><subfield code="w">(DLC)sn 87082648</subfield></datafield><datafield ind1="0" ind2="4" tag="785"><subfield code="t">Milwaukee Herold (Milwaukee, Wis. : 1890 : Daily)</subfield><subfield code="w">(DLC)sn 83045689</subfield></datafield></record>